<?xml version="1.0" encoding="UTF-8"?><collection xmlns="http://www.loc.gov/MARC21/slim"><record><leader>00586nam--2200181-i-4500</leader><controlfield tag="001">000027828</controlfield><controlfield tag="002">20161230</controlfield><controlfield tag="005">20161230201037</controlfield><controlfield tag="008">060222s1000------------r-----000-0-fre-d</controlfield><datafield ind1=" " ind2=" " tag="040"><subfield code="a">IFIN-HH</subfield></datafield><datafield ind1=" " ind2=" " tag="041"><subfield code="a">fre</subfield></datafield><datafield ind1=" " ind2=" " tag="080"><subfield code="a">581:539.12(043)</subfield></datafield><datafield ind1="1" ind2=" " tag="100"><subfield code="a">Laurent, Jean-michel</subfield></datafield><datafield ind1="1" ind2="0" tag="245"><subfield code="a">Effet sur la racine principale de vicia faba de l`exposition aux gamma protons et neutrons de haute energie</subfield><subfield code="b">These</subfield><subfield code="c">Jean-michel laurent</subfield></datafield><datafield ind1=" " ind2=" " tag="260"><subfield code="a">Grenoble</subfield><subfield code="b">Universite Scientifique Et Medicale De Grenoble</subfield><subfield code="c">1974</subfield></datafield><datafield ind1=" " ind2=" " tag="300"><subfield code="a">122P</subfield></datafield><datafield ind1=" " ind2=" " tag="852"><subfield code="a">44067</subfield><subfield code="c">539.12.04</subfield></datafield><datafield ind1=" " ind2=" " tag="CAT"><subfield code="a">Sys</subfield><subfield code="c">20120207</subfield><subfield code="h">162848</subfield></datafield></record></collection>